@book{rozanski2011software,
  title =	   {Software Systems Architecture: Working with
                  Stakeholders using Viewpoints and Perspectives},
  author =	   {Rozanski, N. and Woods, E.},
  year =	   2011,
  publisher =	   {Addison-Wesley Professional},
  edition =   {Second}}


@misc{amazonCaseStudy,
  author = {Amazon},
  title = {Amazon AWS case study},
  howpublished = "\url{http://aws.amazon.com/solutions/case-studies/code-org/}",
  year = 2014,
  note = "[Online; accessed 22-10-2014]"
}

@misc{amazonSla,
  author = {Amazon},
  title = {Amazon SLA},
  howpublished = "\url{http://aws.amazon.com/ec2/sla/}",
  year = 2014,
  note = "[Online; accessed 22-10-2014]"
}

@misc{pingdom,
  author = {PingDom},
  title = {Uptime and performance of US e-commerce websites during December 2011 (study)},
  howpublished = "\url{http://royal.pingdom.com/2012/02/02/uptime-and-performance-for-us-e-commerce-websites-during-december-2011-study/}",
  year = 2011,
  note = "[Online; accessed 22-10-2014]"
}


@misc{basicState,
  author = {BasicState},
  title = {Ecommerce uptime monitor},
  howpublished = "\url{http://basicstate.com/htm/list.htm}",
  year = 2014,
  note = "[Online; accessed 22-10-2014]"
}

